<?xml version="1.0" encoding="UTF-8"?><collection xmlns="http://www.loc.gov/MARC21/slim"><record><leader>00395nam--2200133-i-4500</leader><controlfield tag="001">000037833</controlfield><controlfield tag="002">20161230</controlfield><controlfield tag="005">20161230201041</controlfield><controlfield tag="008">060222s1000------------r-----000-0-eng-d</controlfield><datafield ind1=" " ind2=" " tag="080"><subfield code="a">621.375.826:532</subfield></datafield><datafield ind1=" " ind2=" " tag="100"><subfield code="a">Rangnekar, Sadanand Sakharam</subfield></datafield><datafield ind1=" " ind2=" " tag="245"><subfield code="a">L. lasfr-induced instabilities in liquids and gases. thesis</subfield></datafield><datafield ind1=" " ind2=" " tag="260"><subfield code="a">Ann Arbor, Michigan, Univ.Microfilms, 1970, Xiv + 200p</subfield></datafield><datafield ind1=" " ind2=" " tag="852"><subfield code="a">36077</subfield></datafield></record></collection>